@Manual{abntex22013,
  Title                    = {Modelo Canônico de Trabalho Acadêmico com abnTeX2},
  Author                   = {abnTeX2},
  Organization             = {Equipe abnTeX2},
  Year                     = {2013},
  Url                      = {http://abntex2.googlecode.com/}
}

@Manual{abntex22013b,
  Title                    = {O pacote abntex2cite: Estilos bibliográficos compatíveis com a ABNT NBR 6023},
  Author                   = {abnTeX2 and Lauro César Araujo},
  Organization             = {Equipe abnTeX2},
  Year                     = {2013},
  Url                      = {http://abntex2.googlecode.com/}
}

@Manual{abntex22013c,
  Title                    = {O pacote abntex2cite: tópicos específicos da ABNT NBR 10520:2002 e o estilo bibliográfico alfabético (sistema autor-data)},
  Author                   = {abnTeX2 and Lauro César Araujo},
  Organization             = {Equipe abnTeX2},
  Year                     = {2013},
  Url                      = {http://abntex2.googlecode.com/}
}

@Manual{abntex22013d,
  Title                    = {A classe abntex2: Modelo canônico de trabalhos acadêmicos brasileiros compatível com as normas ABNT NBR 14724:2011, ABNT NBR 6024:2012 e outras},
  Author                   = {abnTeX2 and Lauro César Araujo},
  Organization             = {Equipe abnTeX2},
  Year                     = {2013},
  Url                      = {http://abntex2.googlecode.com/}
}

